<record xmlns="http://www.loc.gov/MARC21/slim" xmlns:xsi="http://www.w3.org/2001/XMLSchema-instance" xsi:schemaLocation="http://www.loc.gov/MARC21/slim http://www.loc.gov/standards/marcxml/schema/MARC21slim.xsd"><leader>00037nz   2200037n  4500</leader><controlfield tag="001">DNB|101008074</controlfield><controlfield tag="003">DNB</controlfield><controlfield tag="005">19960808132256.0</controlfield><controlfield tag="008">910916|||az|nnaa|||||||||||| a|aaa|||| d</controlfield><datafield ind1="7" ind2=" " tag="016"><subfield code="a">101008074</subfield><subfield code="2">GyFmDB</subfield></datafield><datafield ind1=" " ind2=" " tag="040"><subfield code="a">0000</subfield><subfield code="b">ger</subfield><subfield code="d">9999</subfield><subfield code="f">RAK-PND</subfield></datafield><datafield ind1="1" ind2=" " tag="045"><subfield code="b">dum 129 v. Chr.</subfield></datafield><datafield ind1="1" ind2=" " tag="100"><subfield code="a">Sempronius Tuditanus, Gaius</subfield><subfield code="d">um 129 v. Chr.</subfield></datafield><datafield ind1="1" ind2=" " tag="400"><subfield code="a">Sempronius Tuditatus, Gaius</subfield><subfield code="d">um 129 v. Chr.</subfield></datafield><datafield ind1="0" ind2=" " tag="400"><subfield code="a">Sempronius</subfield><subfield code="d">um 129 v. Chr.</subfield></datafield><datafield ind1="1" ind2=" " tag="400"><subfield code="a">Tuditanus, Gaius Sempronius</subfield><subfield code="d">um 129 v. Chr.</subfield></datafield><datafield ind1="0" ind2=" " tag="400"><subfield code="a">Sempronius,</subfield><subfield code="c">Tuditanus</subfield><subfield code="d">um 129 v. Chr.</subfield></datafield><datafield ind1="1" ind2=" " tag="400"><subfield code="a">Sempronio Tuditano, Gaio</subfield><subfield code="d">um 129 v. Chr.</subfield></datafield><datafield ind1=" " ind2=" " tag="678"><subfield code="a">Libri magistratuum</subfield></datafield><datafield ind1=" " ind2=" " tag="910"><subfield code="a">COMMENTARIA SUPER SEMPRONIUM DE DIVISIONE &amp; CHOROGRAPHIA ITALIE</subfield><subfield code="9">1</subfield></datafield><datafield ind1=" " ind2=" " tag="910"><subfield code="a">DE DIVISIONE ET CHOROGRAPHIA ITALIAE</subfield><subfield code="9">11</subfield></datafield></record>